@book{Griffiths2018,
title = {Introduction to Electrodynamics},
author = {Griffiths, David J.},
year = {2018},
edition = {Fourth edition},
publisher = {{Cambridge University Press}},
address = {{Cambridge, United Kingdom ; New York, NY}},
isbn = {978-1-108-42041-9},
}
